@book{thrun2005probabilistic,
  title={Probabilistic Robotics},
  author={Thrun, Sebastian and Burgard, Wolfram and Fox, Dieter},
  year={2005},
  publisher={MIT press}
}

@misc{pavone,
    author    = {Pavone, Marco},
    title     = {AA 274 Principles of Robotic Autonomy Lecture 15: Combinatorial Motion Planning},
    howpublished = {Online},
    year     = {2018},
    month    = {February},
    note     = {Presentation},
}

@inbook{siegwart,
    title={Introduction to Autonomous Mobile Robots},
    author={Roland Siegwart},
    series={2rd ed.},
    chapter = "Section 6.3",
}

@inbook{bertsekas,
    title={Dynamic Programming and Optimal Control},
    author={Dimitri Bertsekas},
    series={Vol I, 3rd ed},
    chapter = "Section 2.3",
}

@inbook{lavalle,
    title={Planning Algorithms},
    author={Steven M. Lavalle},
    chapter = "Section 6.1-6.3, 6.5",
}